3508 4963
682 144 2696 523 Praesidialverfügungen
677 570 2599 782 vom 1. Heumonat 1878.
2678 769 2733 909 b
716 844 1883 1029 Gegenstand und Verfügung.
2485 956 2625 1043 Herr
438 924 3352 1121 Departement des Innern, Antrag v. 29. Juni. April 26. 288. Tessin, Staatsrath 18. Juni.
520 1070 2198 1232 Der Staatsrath übermittelt mit Schreiben vom
404 1191 2196 1357 18. Juni abhin zwei Exemplare des Beschlusses, wel¬
422 1321 2079 1459 chen er unterm gleichen Datum betreffend dass
451 1388 2114 1572 Verbot der Fischerei im Fluße Gremagina
446 1524 2245 1659 auf eine Petition der Gemeindebehörde von Dalpe
427 1646 2142 1777 vom 12. April an den Bundesrath hin gefaßt
437 1735 2196 1864 hat und wonach dieses Verbot vom 1. Juli 1878
432 1825 1988 1970 bis 1. Juli 1881 in Kraft bestehen soll.
492 1946 2144 2091 Nach Antrag der Departements wird verfügt.
445 2083 2208 2210 Kenntnißgabe an die Munizipalität von Dralpe
415 2148 2122 2303 : Tessins per Kanzlei mit dem Beifügen, es
405 2283 2146 2429 sei durch diesen Erlaß der Tessiner-Regierung
423 2373 2138 2534 ihrem Gesuch vom 12. April nunmehr Genüge
423 2478 1652 2644 geleistet. Im übrigen ad acta.
560 2549 2242 2748 An die Munizipalität von Dalpe per Kanzlei¬
385 2692 2214 2844 Protokollauszug aus Departement des Innern zur Kennt¬
438 2790 778 2933 nißnahme.
516 3083 2147 3264 Die Nachforschungen nach der in Paris wegen
393 3245 2170 3381 Betrugs zu 18. Monaten Gefängniß verurtheilten,
424 3318 2125 3489 angeblich in Genf aufhältlichen Pierrette Del¬
434 3438 2161 3597 phine Jacquin falsch Goffrey, Michaud etc.
381 3562 2184 3719 sind bisher alle vergeblich gewesen. Da die Strafver¬
405 3674 2190 3814 jährung für die Delinquatin am 28. Juni abhin vol¬
415 3793 2152 3923 lendet ist, so dürfte die Angelegenheit damit als
432 3882 1429 4019 erledigt betrachtet werden.
512 3974 2061 4142 Verfügung nach Antrag des Departements:
435 4095 2179 4252 Mittheilung an die französische Botschaft als Ant¬
404 4186 1626 4368 wort auf deren Note vom 22. Juni.
748 4282 1970 4479 An die französische Botschaft
371 2929 3351 3164 Justiz- & Polizeidept. Antrag u. s. dr. Fr. 30. Justiget
2197 804 3345 1015 Vorgang. Einsender Datum.
2612 1075 3187 1213 Fluß Tiemagna,
2619 1184 3168 1337 Verbot der Fischerei¬
2772 1280 3111 1392 3558
2567 3106 3169 3274 Pierrette Delphine
2597 3182 3315 3378 Jacquin polizeiliche
2616 3307 3114 3451 Nachforschung.
2738 3432 3076 3554 3559
